<?xml version="1.0" encoding="UTF-8"?><collection xmlns="http://www.loc.gov/MARC21/slim"><record><leader>00344nam--2200121-i-4500</leader><controlfield tag="001">000008795</controlfield><controlfield tag="002">20161230</controlfield><controlfield tag="005">20170305184352</controlfield><controlfield tag="008">060222s1000------------r-----000-0-eng-d</controlfield><datafield ind1=" " ind2=" " tag="245"><subfield code="a">Catalogul periodicelor din biblioteca I.D.T. achizitii 1967, 1968, 1969</subfield></datafield><datafield ind1=" " ind2=" " tag="260"><subfield code="a">Bucuresti</subfield><subfield code="b">I.D.T</subfield><subfield code="c">1968</subfield></datafield><datafield ind1=" " ind2=" " tag="300"><subfield code="a">242 p. (1969)</subfield></datafield><datafield ind1=" " ind2=" " tag="CAT"><subfield code="a">SYS</subfield><subfield code="c">20170305</subfield><subfield code="h">184352</subfield></datafield></record></collection>